<record><leader>00000cas a22000007a 4500</leader><controlfield tag="001">11875591</controlfield><controlfield tag="008">850402d19581984utuwr ne      0    0eng d</controlfield><datafield ind1=" " ind2=" " tag="010"><subfield code="a">sn 85058096 </subfield></datafield><datafield ind1=" " ind2=" " tag="040"><subfield code="a">UNP</subfield><subfield code="b">eng</subfield><subfield code="c">UNP</subfield><subfield code="d">UNP</subfield><subfield code="d">UBY</subfield><subfield code="d">OCLCQ</subfield><subfield code="d">OCLCF</subfield><subfield code="d">OCLCO</subfield></datafield><datafield ind1=" " ind2=" " tag="042"><subfield code="a">msc</subfield></datafield><datafield ind1=" " ind2=" " tag="043"><subfield code="a">n-us-ut</subfield></datafield><datafield ind1="0" ind2="0" tag="245"><subfield code="a">Davis news journal.</subfield></datafield><datafield ind1=" " ind2=" " tag="260"><subfield code="a">Layton, Utah :</subfield><subfield code="b">Inland Print. Co.,</subfield><subfield code="c">1958-1984.</subfield></datafield><datafield ind1=" " ind2=" " tag="300"><subfield code="a">v. :</subfield><subfield code="b">ill.</subfield></datafield><datafield ind1=" " ind2=" " tag="310"><subfield code="a">Weekly</subfield></datafield><datafield ind1="0" ind2=" " tag="362"><subfield code="a">Vol. 13, no. 14 (Feb. 18, 1958)-v. 49, no. 28 (Nov. 23, 1978); vol. 80, no. 37 (Nov. 30, 1978)-v. 83, no. 31 (Oct. 8, 1981); vol. 52, no. 32 (Oct. 15, 1981)-v. 53, no. 27 (Sept. 23, 1982); vol. 77, no. 28 (Sept. 30, 1982)-v. 79, no. 2 (Apr. 25, 1984).</subfield></datafield><datafield ind1=" " ind2=" " tag="500"><subfield code="a">Printed in Kaysville, Utah for distribution in Layton, Utah, &lt;Feb. 18, 1958-Mar. 29, 1960&gt;.</subfield></datafield><datafield ind1=" " ind2=" " tag="500"><subfield code="a">Printed in Bountiful, Utah at office of: Davis County clipper, for distribution in Layton, Utah, &lt;1976-1984&gt;.</subfield></datafield><datafield ind1=" " ind2=" " tag="525"><subfield code="a">Many issues include supplements.</subfield></datafield><datafield ind1=" " ind2=" " tag="580"><subfield code="a">Merged with: Kaysville weekly reflex, to form: Davis reflex-journal.</subfield></datafield><datafield ind1=" " ind2="0" tag="651"><subfield code="a">Kaysville (Utah)</subfield><subfield code="v">Newspapers.</subfield></datafield><datafield ind1=" " ind2="0" tag="651"><subfield code="a">Layton (Utah)</subfield><subfield code="v">Newspapers.</subfield></datafield><datafield ind1=" " ind2="0" tag="651"><subfield code="a">Davis County (Utah)</subfield><subfield code="v">Newspapers.</subfield></datafield><datafield ind1=" " ind2="7" tag="655"><subfield code="a">Newspapers.</subfield><subfield code="2">fast</subfield><subfield code="0">(OCoLC)fst01423814</subfield></datafield><datafield ind1=" " ind2="7" tag="651"><subfield code="a">Utah</subfield><subfield code="z">Davis County.</subfield><subfield code="2">fast</subfield><subfield code="0">(OCoLC)fst01218126</subfield></datafield><datafield ind1=" " ind2="7" tag="651"><subfield code="a">Utah</subfield><subfield code="z">Kaysville.</subfield><subfield code="2">fast</subfield><subfield code="0">(OCoLC)fst01232385</subfield></datafield><datafield ind1=" " ind2="7" tag="651"><subfield code="a">Utah</subfield><subfield code="z">Layton.</subfield><subfield code="2">fast</subfield><subfield code="0">(OCoLC)fst01224273</subfield></datafield><datafield ind1=" " ind2=" " tag="752"><subfield code="a">United States</subfield><subfield code="b">Utah</subfield><subfield code="c">Davis</subfield><subfield code="d">Layton.</subfield></datafield><datafield ind1=" " ind2=" " tag="752"><subfield code="a">United States</subfield><subfield code="b">Utah</subfield><subfield code="c">Davis</subfield><subfield code="d">Kaysville.</subfield></datafield><datafield ind1=" " ind2=" " tag="752"><subfield code="a">United States</subfield><subfield code="b">Utah</subfield><subfield code="c">Davis</subfield><subfield code="d">Bountiful.</subfield></datafield><datafield ind1="0" ind2="0" tag="780"><subfield code="t">Journal (Layton, Utah)</subfield><subfield code="w">(DLC)sn 85058095</subfield><subfield code="w">(OCoLC)1187550</subfield></datafield><datafield ind1="1" ind2="7" tag="785"><subfield code="t">Kaysville weekly reflex</subfield><subfield code="w">(DLC)sn 83007472</subfield><subfield code="w">(OCoLC)9421170</subfield></datafield><datafield ind1="1" ind2="7" tag="785"><subfield code="t">Davis reflex-journal</subfield><subfield code="w">(DLC)sn 85058148</subfield><subfield code="w">(OCoLC)12099385</subfield></datafield><datafield ind1="1" ind2=" " tag="787"><subfield code="t">Davis County clipper</subfield><subfield code="w">(DLC)sn 85058089</subfield><subfield code="w">(OCoLC)11930754</subfield></datafield></record>